@book{example_book,
    title = {Example Book Title},
    author = {Author, Example},
    year = {2024},
    publisher = {Publisher Name},
    address = {City, Country}
}

@article{example_article,
    title = {Example Article Title},
    author = {Author, Example and Author, Second},
    journal = {Journal Name},
    volume = {1},
    number = {1},
    pages = {1--10},
    year = {2024}
}

@inproceedings{example_conference,
    title = {Example Conference Paper},
    author = {Author, Example and Author, Another},
    booktitle = {Proceedings of Example Conference},
    year = {2024},
    pages = {100--110},
    organization = {Organization Name}
}

@online{example_website,
    title = {Example Website Title},
    author = {Author, Web},
    year = {2024},
    url = {https://example.com},
    urldate = {2024-05-04}
}